@Book{Gancarz2002,
author = {Mike Gancarz},
title = {Linux and the Unix Philosophy},
publisher = {Digital Press},
year = 2002
}
