% 20472542 
@Article{Junier_2010,
   Author="Junier, T.  and Zdobnov, E. M. ",
   Title="{{T}he {N}ewick {U}tilities: {H}igh-throughput {P}hylogenetic tree {P}rocessing in the {U}{N}{I}{X} {S}hell}",
   Journal="Bioinformatics",
   Year="2010",
   Month="May"
}
