% 16284166 
@Article{Baum_2005,
   Author="Baum, D. A.  and Smith, S. D.  and Donovan, S. S. ",
   Title="{{E}volution. {T}he tree-thinking challenge}",
   Journal="Science",
   Year="2005",
   Volume="310",
   Pages="979--980",
   Month="Nov"
}
@Article{Gregory_2008,
	Author="Gregory, T. R.",
	Title="Understanding Evolutionary Trees",
	Journal="Evolution: Education and Outreach",
	Year=2008,
	Volume=1,
	Number=2,
	Pages="121--137",
	Month="Apr"
}
